@article{parietti2016supernumerary,
  title={Supernumerary Robotic Limbs for Human Body Support.},
  author={Parietti, Federico and Asada, H Harry},
  journal={IEEE Trans. Robotics},
  volume={32},
  number={2},
  pages={301--311},
  year={2016}
}

@book{spong2006robot,
  title={Robot modeling and control},
  author={Spong, Mark W and Hutchinson, Seth and Vidyasagar, Mathukumalli and others},
  volume={3},
  year={2006},
  publisher={Wiley New York}
}
